@inproceedings{gentry2014computing,
  title={Computing on the edge of chaos: Structure and randomness in encrypted computation},
  author={Gentry, Craig},
  booktitle={Electronic Colloquium on Computational Complexity (ECCC)},
  volume={21},
  pages={106},
  year={2014}
}

@article{klinec2013white,
  title={White-box attack resistant cryptography},
  author={Klinec, Du{\v{s}}an},
  year={2013},
  publisher={Trusted Network Solutions}
}

@article{bacinska2015white,
	title={White-box attack resistant cipher based on WBAES},
	author={Bačinská, Lenka},
	year={2015},
	type={diploma thesis}
}

@incollection{karroumi2011protecting,
  title={Protecting white-box AES with dual ciphers},
  author={Karroumi, Mohamed},
  booktitle={Information Security and Cryptology-ICISC 2010},
  pages={278--291},
  year={2011},
  publisher={Springer}
}

@article{nuida2014simple,
  title={A Simple Framework for Noise-Free Construction of Fully Homomorphic Encryption from a Special Class of Non-Commutative Groups.},
  author={Nuida, Koji},
  journal={IACR Cryptology ePrint Archive},
  volume={2014},
  pages={97},
  year={2014}
}

@techreport{yagisawa2015fully,
  title={Fully Homomorphic Encryption without bootstrapping},
  author={Yagisawa, Masahiro},
  year={2015},
  institution={Technical report, Cryptology ePrint Archive, Report 2015/474. http://eprint. iacr. org/2015/474}
}

@techreport{wang2015notes,
  title={Notes on Two Fully Homomorphic Encryption Schemes Without Bootstrapping},
  author={Wang, Yongge},
  year={2015},
  institution={Technical report, Cryptology ePrint Archive, Report 2015/519. http://eprint. iacr. org/2015/519}
}

@techreport{liu2015practical,
  title={Practical Fully Homomorphic Encryption without Noise Reduction},
  author={Liu, Dongxi},
  year={2015},
  institution={Technical report, Cryptology ePrint Archive, Report 2015/468. http://eprint. iacr. org/2015/468}
}

@article{silverberg2013fully,
  title={Fully homomorphic encryption for mathematicians},
  author={Silverberg, Alice},
  journal={Women in Numbers 2: Research Directions in Number Theory},
  volume={606},
  pages={111},
  year={2013},
  publisher={American Mathematical Soc.}
}

@article{rivest1978data,
  title={On data banks and privacy homomorphisms},
  author={Rivest, Ronald L and Adleman, Len and Dertouzos, Michael L},
  journal={Foundations of secure computation},
  volume={4},
  number={11},
  pages={169--180},
  year={1978}
}

@techreport{gavin2015general,
  title={A general framework for building noise-free homomorphic cryptosystems},
  author={Gavin, G{\'e}rald},
  year={2015},
  institution={Technical report, Cryptology ePrint Archive, Report 2015/821. http://eprint. iacr. org/2015/821}
}

@inproceedings{barak2001possibility,
  title={On the (im) possibility of obfuscating programs},
  author={Barak, Boaz and Goldreich, Oded and Impagliazzo, Rusell and Rudich, Steven and Sahai, Amit and Vadhan, Salil and Yang, Ke},
  booktitle={Advances in cryptology—CRYPTO 2001},
  pages={1--18},
  year={2001},
  organization={Springer}
}

@inproceedings{billet2005cryptanalysis,
  title={Cryptanalysis of a white box AES implementation},
  author={Billet, Olivier and Gilbert, Henri and Ech-Chatbi, Charaf},
  booktitle={Selected Areas in Cryptography},
  pages={227--240},
  year={2005},
  organization={Springer}
}

@inproceedings{chow2003white,
  title={White-box cryptography and an AES implementation},
  author={Chow, Stanley and Eisen, Philip and Johnson, Harold and Van Oorschot, Paul C},
  booktitle={Selected Areas in Cryptography},
  pages={250--270},
  year={2003},
  organization={Springer}
}

@techreport{bos2015differential,
  title={Differential Computation Analysis: Hiding your White-Box Designs is Not Enough},
  author={Bos, Joppe W and Hubain, Charles and Michiels, Wil and Teuwen, Philippe},
  year={2015},
  institution={Technical report, Cryptology ePrint Archive, Report 2015/753. http://eprint. iacr. org/2015/753}
}

@article{fellows1994combinatorial,
  title={Combinatorial cryptosystems galore!},
  author={Fellows, Michael and Koblitz, Neal},
  journal={Contemporary Mathematics},
  volume={168},
  pages={51--51},
  year={1994},
  publisher={AMERICAN MATHEMATICAL SOCIETY}
}

@article{steinwandt2002attacking,
  title={Attacking a polynomial-based cryptosystem: Polly Cracker},
  author={Steinwandt, Rainer and Geiselmann, Willi and Endsuleit, Regine},
  journal={International Journal of Information Security},
  volume={1},
  number={3},
  pages={143--148},
  year={2002},
  publisher={Springer}
}

@phdthesis{gentry2009fully,
  title={A fully homomorphic encryption scheme},
  author={Gentry, Craig},
  year={2009},
  school={Stanford University}
}

@article{saxena2008white,
  title={White-Box Cryptography: Formal Notions and (Im) possibility Results.},
  author={Saxena, Amitabh and Wyseur, Brecht and Preneel, Bart},
  journal={IACR Cryptology ePrint Archive},
  volume={2008},
  pages={273},
  year={2008}
}

@inproceedings{luk2005pin,
  title={Pin: building customized program analysis tools with dynamic instrumentation},
  author={Luk, Chi-Keung and Cohn, Robert and Muth, Robert and Patil, Harish and Klauser, Artur and Lowney, Geoff and Wallace, Steven and Reddi, Vijay Janapa and Hazelwood, Kim},
  booktitle={ACM Sigplan Notices},
  volume={40},
  number={6},
  pages={190--200},
  year={2005},
  organization={ACM}
}

@inproceedings{nethercote2007valgrind,
  title={Valgrind: a framework for heavyweight dynamic binary instrumentation},
  author={Nethercote, Nicholas and Seward, Julian},
  booktitle={ACM Sigplan notices},
  volume={42},
  number={6},
  pages={89--100},
  year={2007},
  organization={ACM}
}

@article {teuwen2015movfuscator,
	author  = {Teuwen, Philippe},
	title   = {MoVfuscator Writeup},
	journal = {Philippe Teuwen's blog},
	year    = {2015},
	url     = {http://wiki.yobi.be/index.php?title=MoVfuscator\_Writeup\&oldid=9714}
}